<collection xmlns="http://www.loc.gov/MARC21/slim">
<record>
  <leader>01219nam0a22002291i 450 </leader>
  <controlfield tag="001">IT\ICCU\CNCE\055323</controlfield>
  <controlfield tag="005">20050124000000.0</controlfield>
  <datafield tag="100" ind1=" " ind2=" ">
    <subfield code="a">20040115f1523        0itac0103    ba</subfield>
  </datafield>
  <datafield tag="101" ind1=" " ind2=" ">
    <subfield code="a">ITA</subfield>
  </datafield>
  <datafield tag="102" ind1=" " ind2=" ">
    <subfield code="a">IT</subfield>
  </datafield>
  <datafield tag="200" ind1="1" ind2=" ">
    <subfield code="a">Trabisonda historiata ne la quale si contiene nobilissime battaglie con la vita e morte di Rinaldo</subfield>
  </datafield>
  <datafield tag="210" ind1=" " ind2=" ">
    <subfield code="a">\Milano</subfield>
    <subfield code="c">Niccol ̣Gorgonzola</subfield>
    <subfield code="d">circa 1523!</subfield>
  </datafield>
  <datafield tag="215" ind1=" " ind2=" ">
    <subfield code="a">\114! c.</subfield>
    <subfield code="d">4ʻ</subfield>
  </datafield>
  <datafield tag="300" ind1=" " ind2=" ">
    <subfield code="a">Il tipografo, Rocco Valle e fratello, si ricava dall&apos;analisi del materiale tipografico; cfr. A. Ganda, Niccol ̣Gorgonzola editore e libraio in Milano, n.86.N.B.  ̈la stessa GAGOR 54= GAGOR 86</subfield>
  </datafield>
  <datafield tag="620" ind1=" " ind2=" ">
    <subfield code="a">IT</subfield>
    <subfield code="d">Milano</subfield>
  </datafield>
  <datafield tag="702" ind1=" " ind2="1">
    <subfield code="a">Tromba,</subfield>
    <subfield code="b">Francesco</subfield>
    <subfield code="3">IT\ICCU\CNCA\006619</subfield>
  </datafield>
  <datafield tag="712" ind1="0" ind2="0">
    <subfield code="a"></subfield>
    <subfield code="3">IT\ICCU\CNCT\000205</subfield>
    <subfield code="4">650</subfield>
  </datafield>
  <datafield tag="712" ind1="0" ind2="0">
    <subfield code="a">Da_Valle, Rocco &amp; fratello</subfield>
    <subfield code="3">IT\ICCU\CNCT\003724</subfield>
    <subfield code="4">650</subfield>
  </datafield>
  <datafield tag="791" ind1="0" ind2="2">
    <subfield code="a">Nicolo da Gorgonzola</subfield>
    <subfield code="3">IT\ICCU\CNCT\004950</subfield>
    <subfield code="z"></subfield>
  </datafield>
  <datafield tag="801" ind1=" " ind2="3">
    <subfield code="a">IT</subfield>
    <subfield code="b">ICCU</subfield>
    <subfield code="c">20201115</subfield>
  </datafield>
  <datafield tag="899" ind1=" " ind2=" ">
    <subfield code="a">Biblioteca civica Carlo Bonetta. Pavia</subfield>
    <subfield code="1">PV0071</subfield>
    <subfield code="2">PAV 01</subfield>
  </datafield>
  <datafield tag="921" ind1=" " ind2=" ">
    <subfield code="a">IT\ICCU\CNCM\001018</subfield>
    <subfield code="b">Nastro con nome di Nicolaus Gorgonzola avvolge uno scettro che ha alla base una P e all&apos;apice una stella. Intorno ornamenti floreali.</subfield>
    <subfield code="c">K71</subfield>
    <subfield code="d">Dimensioni: 3,7 x 4,4</subfield>
    <subfield code="f">GORGONZOLA</subfield>
    <subfield code="f">NASTRO</subfield>
    <subfield code="g">[150.]-1534</subfield>
  </datafield>
</record>
</collection>
